<?xml version="1.0" encoding="UTF-8"?><collection xmlns="http://www.loc.gov/MARC21/slim"><record><leader>00431nam--2200133-i-4500</leader><controlfield tag="001">000034114</controlfield><controlfield tag="002">20161230</controlfield><controlfield tag="005">20161230201039</controlfield><controlfield tag="008">060222s1000------------r-----000-0-eng-d</controlfield><datafield ind1=" " ind2=" " tag="080"><subfield code="a">621.373.4/5(043)</subfield></datafield><datafield ind1=" " ind2=" " tag="100"><subfield code="a">Mossuz, Gabriel</subfield></datafield><datafield ind1=" " ind2=" " tag="245"><subfield code="a">Etude et realisation d`un oscillateur a quartz a tres basse temperature</subfield></datafield><datafield ind1=" " ind2=" " tag="260"><subfield code="a">Becancon, La Faculte Des Sciences Et Des Techniques De L`Universite De Besancon, 1975, 69p</subfield></datafield><datafield ind1=" " ind2=" " tag="852"><subfield code="a">44055</subfield></datafield></record></collection>